@Book{xie2015,
  title = {Dynamic Documents with {R} and knitr},
  author = {Yihui Xie},
  publisher = {Chapman and Hall/CRC},
  address = {Boca Raton, Florida},
  year = {2015},
  edition = {2nd},
  note = {ISBN 978-1498716963},
  url = {http://yihui.name/knitr/},
}

@book{xie2018r,
  title={R Markdown: The Definitive Guide},
  author={Xie, Yihui and Allaire, JJ and Grolemund, Garrett},
  year={2018},
  publisher={CRC Press},
  url = {https://bookdown.org/yihui/rmarkdown/},
}

@book{xie2016bookdown,
  title={Bookdown: Authoring Books and Technical Documents with R Markdown},
  author={Xie, Yihui},
  year={2016},
  publisher={Chapman and Hall/CRC}
}
